%% This BibTeX bibliography file was created using BibDesk.
%% http://bibdesk.sourceforge.net/

%% Created for Alexander Kwok at 2017-03-30 23:10:42 +1300 

%% Saved with string encoding Unicode (UTF-8) 

@misc{Stream,
  	author = {Dr. Frazer K. Noble},
	title={Assessment 3 Resources - Stream},
	howpublished="\url{http://stream.massey.ac.nz/mod/folder/view.php?id=2052029}",
	note = "[Online; accessed 14-August-2017]"
}

@misc{MLP,
  	author = {Dr. Frazer K. Noble},
	title={Multi-Layered Perceptron (MLP) Training},
	howpublished="\url{https://github.com/FKNoble/tensorflow_projects/blob/master/tutorials/tutorial_4.py}",
	note = "[Online; accessed 20-September-2017]"
}

@misc{tfinstall,
  	author = {Dr. Frazer K. Noble},
	title={Getting Started with TensorFlow},
	howpublished="\url{https://www.youtube.com/watch?v=Q-FF_0NAT3s}",
	note = "[Online; accessed 19-August-2017]"
}

@misc{adam,
  	author = {Tensor Flow Training Tutorials, API Documentation},
	title={Adam Optimizer},
	howpublished="\url{https://www.tensorflow.org/api_docs/python/tf/train/AdamOptimizer}",
	note = "[Online; accessed 24-September-2017]"
}

# @misc{Topic,
#   	author = {Author},
# 	title={Title},
# 	howpublished="\url{URL}",
# 	note = "[Online; accessed 22-September-2017]"
# }