%% This BibTeX bibliography file was created using BibDesk.
%% http://bibdesk.sourceforge.net/

%% Created for Alexander Kwok at 2017-03-30 23:10:42 +1300 

%% Saved with string encoding Unicode (UTF-8) 

@article{liker2006toyota,
  title={The Toyota way in services: the case of lean product development},
  author={Liker, Jeffrey K and Morgan, James M},
  journal={The Academy of Management Perspectives},
  volume={20},
  number={2},
  pages={5--20},
  year={2006},
  publisher={Academy of Management}
}

@book{liker2004toyota,
  title={The toyota way},
  author={Liker, Jeffrey K},
  year={2004},
  publisher={Esensi}
}

@incollection{bendek2016toyota,
  title={The Toyota Way},
  author={B{\'e}ndek, Peter},
  booktitle={Beyond Lean},
  pages={57--74},
  year={2016},
  publisher={Springer}
}