%% This BibTeX bibliography file was created using BibDesk.
%% http://bibdesk.sourceforge.net/

%% Created for Alexander Kwok at 2017-03-30 23:10:42 +1300 

%% Saved with string encoding Unicode (UTF-8) 

%@misc{Name,
%  	author = {author},
%	title={title},
%	howpublished="\url{URL}",
%	note = "[Online; accessed 22-September-2017]"
%}

%@misc{Name,
%  	author = {author},
%	title={title},
%	howpublished="\url{URL}",
%	note = "[Online; accessed 22-September-2017]"
%}